@article{Azuma97,
  shorthand = {Azuma97},
  title={A survey of augmented reality},
  author={Azuma, Ronald T and others},
  journal={Presence},
  volume={6},
  number={4},
  pages={355--385},
  year={1997},
  publisher={MIT Press}
}
@article{Azuma01,
  shorthand = {Azuma01},
  title={Recent advances in augmented reality},
  author={Azuma, Ronald and Baillot, Yohan and Behringer, Reinhold and Feiner, Steven and Julier, Simon and MacIntyre, Blair},
  journal={Computer Graphics and Applications, IEEE},
  volume={21},
  number={6},
  pages={34--47},
  year={2001},
  publisher={IEEE}
}
@book{Bimber05,
  shorthand = {Bimber05},
  title={Spatial augmented reality: merging real and virtual worlds},
  author={Bimber, Oliver and Raskar, Ramesh},
  volume={6},
  year={2005},
  publisher={AK Peters Wellesley, MA}
}
@inproceedings{Sielhorst04,
  shorthand = {Sielhorst04},
  title={An augmented reality delivery simulator for medical training},
  author={Sielhorst, Tobias and Obst, Tobias and Burgkart, Rainer and Riener, Robert and Navab, Nassir},
  booktitle={International Workshop on Augmented Environments for Medical Imaging-MICCAI Satellite Workshop},
  volume={141},
  year={2004}
}
@article{Marescaux04,
  shorthand = {Marescaux04},
  title={Augmented-reality--assisted laparoscopic adrenalectomy},
  author={Marescaux, Jacques and Rubino, Francesco and Arenas, Mara and Mutter, Didier and Soler, Luc},
  journal={Jama},
  volume={292},
  number={18},
  pages={2211--2215},
  year={2004},
  publisher={American Medical Association}
}
@misc{Google14-a,
  shorthand = {Google14-a},
    author    = "Google",
    title     = "Explorer Story: Patrick Jackson (through Google Glass) {@ONLINE}",
    year     = "2014",
    howpublished     = "\url{https://www.youtube.com/watch?v=QPbZy2wrTGk}",
}
@inproceedings{Fragoso11,
  shorthand = {Fragoso11},
  title={Translatar: A mobile augmented reality translator},
  author={Fragoso, Victor and Gauglitz, Steffen and Zamora, Shane and Kleban, Jim and Turk, Matthew},
  booktitle={Applications of Computer Vision (WACV), 2011 IEEE Workshop on},
  pages={497--502},
  year={2011},
  organization={IEEE}
}
@techreport{Livingston02,
  shorthand = {Livingston02},
  title={An augmented reality system for military operations in urban terrain},
  author={Livingston, Mark A and Rosenblum, Lawrence J and Julier, Simon J and Brown, Dennis and Baillot, Yohan and Swan, II and Gabbard, Joseph L and Hix, Deborah and others},
  year={2002},
  institution={DTIC Document}
}
@inproceedings{Julier00,
  shorthand = {Julier00},
  title={Bars: Battlefield augmented reality system},
  author={Yohan, Simon Julier and Julier, Simon and Baillot, Yohan and Lanzagorta, Marco and Brown, Dennis and Rosenblum, Lawrence},
  booktitle={In NATO Symposium on Information Processing Techniques for Military Systems},
  year={2000},
  organization={Citeseer}
}
@incollection{Livingston11,
  shorthand = {Livingston11},
  title={Military applications of augmented reality},
  author={Livingston, Mark A and Rosenblum, Lawrence J and Brown, Dennis G and Schmidt, Gregory S and Julier, Simon J and Baillot, Yohan and Swan II, J Edward and Ai, Zhuming and Maassel, Paul},
  booktitle={Handbook of augmented reality},
  pages={671--706},
  year={2011},
  publisher={Springer}
}
@misc{Sportvision,
  shorthand = {Sportvision},
    author    = "Sportvision",
    title = "Webové sídlo Sportvision {@ONLINE}",
    year = 2015,
    howpublished     = "\url{http://www.sportvision.com/}",
}
@misc{Ismert12,
  shorthand = {Ismert12},
    author    = "Ryan Ismert",
    title     = "Rich Sports Data and Augmented Reality {@ONLINE}",
    year     = "2012",
    howpublished     = "\url{http://strataconf.com/strata2012/public/schedule/detail/22627}",
}
@inproceedings{Webster96,
  shorthand = {Webster96},
  title={Augmented reality in architectural construction, inspection and renovation},
  author={Webster, Anthony and Feiner, Steven and MacIntyre, Blair and Massie, William and Krueger, Theodore},
  booktitle={Proc. ASCE Third Congress on Computing in Civil Engineering},
  pages={913--919},
  year={1996}
}
@article{Reiners98,
  shorthand = {Reiners98},
  title={Augmented reality for construction tasks: Doorlock assembly},
  author={Reiners, Dirk and Stricker, Didier and Klinker, Gudrun and M{\"u}ller, Stefan},
  journal={Proc. IEEE and ACM IWAR},
  volume={98},
  number={1},
  pages={31--46},
  year={1998}
}
@inproceedings{Kato99,
  shorthand = {Kato99},
  title={Marker tracking and hmd calibration for a video-based augmented reality conferencing system},
  author={Kato, Hirokazu and Billinghurst, Mark},
  booktitle={Augmented Reality, 1999.(IWAR'99) Proceedings. 2nd IEEE and ACM International Workshop on},
  pages={85--94},
  year={1999},
  organization={IEEE}
}
@misc{ARToolKit-a,
  shorthand = {ARToolKit-a},
  author = {Julian Looser},
  	title		= "ARToolKit Documentation {@ONLINE}",
	year = {2004},
	howpublished		= "\url{http://www.hitl.washington.edu/artoolkit/documentation/vision.htm}",
}
@inproceedings{Lowe99,
  shorthand = {Lowe99},
  title={Object recognition from local scale-invariant features},
  author={Lowe, David G},
  booktitle={Computer vision, 1999. The proceedings of the seventh IEEE international conference on},
  volume={2},
  pages={1150--1157},
  year={1999},
  organization={Ieee}
}
@mastersthesis{Volosin11,
  shorthand = {Volosin11},
    author    = "Marek Vološín",
    title     = "Rozpoznávanie obrazov v robotike",
    school    = "Technická univerzita v Košiciach",
    year      = "2011",
}
@incollection{Bay06,
  shorthand = {Bay06},
  title={Surf: Speeded up robust features},
  author={Bay, Herbert and Tuytelaars, Tinne and Van Gool, Luc},
  booktitle={Computer vision--ECCV 2006},
  pages={404--417},
  year={2006},
  publisher={Springer}
}
@incollection{Calonder10,
  shorthand = {Calonder10},
  title={Brief: Binary robust independent elementary features},
  author={Calonder, Michael and Lepetit, Vincent and Strecha, Christoph and Fua, Pascal},
  booktitle={Computer Vision--ECCV 2010},
  pages={778--792},
  year={2010},
  publisher={Springer}
}
@inproceedings{Leutenegger11,
  shorthand = {Leutenegger11},
  title={BRISK: Binary robust invariant scalable keypoints},
  author={Leutenegger, Stefan and Chli, Margarita and Siegwart, Roland Yves},
  booktitle={Computer Vision (ICCV), 2011 IEEE International Conference on},
  pages={2548--2555},
  year={2011},
  organization={IEEE}
}
@inproceedings{Alahi12,
  shorthand = {Alahi12},
  title={Freak: Fast retina keypoint},
  author={Alahi, Alexandre and Ortiz, Raphael and Vandergheynst, Pierre},
  booktitle={Computer Vision and Pattern Recognition (CVPR), 2012 IEEE Conference on},
  pages={510--517},
  year={2012},
  organization={Ieee}
}
@misc{ARToolKit-b,
  shorthand = {ARToolKit-b},
  title = {Webová stránka ARToolKit {@ONLINE}},
    author    = {ARToolKit},
    howpublished     = "\url{http://www.hitl.washington.edu/artoolkit/}",
    year = {2004}
}
@book{Wagner07,
  shorthand = {Wagner07},
  title={Artoolkitplus for pose tracking on mobile devices},
  author={Wagner, Daniel and Schmalstieg, Dieter},
  year={2007},
  publisher={na}
}
@misc{Studierstube-a,
  shorthand = {Studierstube-a},
    author = {Tobias Langlotz},
    title    = {Studierstube project {@ONLINE}},
    howpublished     = "\url{http://studierstube.icg.tugraz.at/download.php}",
    year = {2008}
}
@misc{Studierstube-b,
  shorthand = {Studierstube-b},
    author    = {Tobias Langlotz},
    title = {Studierstube OpenTracker {@ONLINE}},
    howpublished     = "\url{http://studierstube.icg.tugraz.at/opentracker/}",
    year = {2008}
}
@misc{ArUco,
    author    = {ArUco},
    title = {ArUco library {@ONLINE}},
  shorthand = {ArUco},
    howpublished     = "\url{http://www.uco.es/investiga/grupos/ava/node/26}",
    year = {2014}
}
@misc{Vuforia,
    author    = "Qualcomm",
    title = {Vuforia library {@ONLINE}},
  shorthand = {Vuforia},
    howpublished     = "\url{https://www.qualcomm.com/products/vuforia}",
    year = {2015}
}
@misc{Kovacovsky13,
  shorthand = {Kovacovsky13},
    author    = {FMFI UK},
    title = {Mgr. Tomáš KOVAČOVSKÝ, 3D scanner SMISS {@ONLINE}},
    howpublished     = "\url{https://www.youtube.com/watch?v=TWlhbInC7vc}",
}
@phdthesis{Kovacovsky12-a,
  shorthand = {Kovacovsky12-a},
  title={Scalable multifunctional indoor scanning system},
  author={Tomáš Kovačovský},
  year={2012},
  school={Citeseer}
}
@misc{Kovacovsky12-b,
  shorthand = {Kovacovsky12-b},
  title= {HDR SMISS--Fast High Dynamic Range 3D Scanner},
  author= {Tomáš Kovačovský}
}
@inproceedings{Zhou08,
  shorthand = {Zhou08},
  title={Trends in augmented reality tracking, interaction and display: A review of ten years of ISMAR},
  author={Zhou, Feng and Duh, Henry Been-Lirn and Billinghurst, Mark},
  booktitle={Proceedings of the 7th IEEE/ACM International Symposium on Mixed and Augmented Reality},
  pages={193--202},
  year={2008},
  organization={IEEE Computer Society}
}
@misc{Google14-b,
  shorthand = {Google14-b},
    author    = "Google",
    title = {Project Glass {@ONLINE}},
    year = {2014},
    howpublished     = "\url{https://www.google.com/glass/start/}",
}
@misc{LayarAR,
  shorthand = {LayarAR},
    author    = "Layar AR",
    title = {Layar Augmented Reality for Google Glass {@ONLINE}},
    year = {2014},
    howpublished     = "\url{https://www.youtube.com/watch?v=rBPmG5mqWfI}",
}
@misc{Eyeborg,
  shorthand = {Eyeborg},
    author    = "Phill Bowen",
    title = {Eyeborg Project {@ONLINE}},
    year = {2015},
    howpublished = "\url{http://eyeborgproject.com/}",
}
@article{Dobelle00,
  shorthand = {Dobelle00},
  title={Artificial vision for the blind by connecting a television camera to the visual cortex},
  author={Dobelle, Wm H},
  journal={ASAIO journal},
  volume={46},
  number={1},
  pages={3--9},
  year={2000},
  publisher={LWW}
}
@misc{Orgonas10,
  shorthand = {Orgonas10},
    author    = "Jozef Orgonáš",
    title = {Augmented reality reálne na Slovensku: Zlaté stránky používajú Layar {@ONLINE}},
    year = 2010,
    howpublished     = "\url{http://www.itnews.sk/spravy/software/2010-01-18/c131299-augmented-reality-realne-na-slovensku-zlate-stranky-pouzivaju-layar}",
}
@misc{Gross14,
  shorthand = {Gross14},
    author    = "Anisse Gross",
    title = {What’s the Problem with Google Glass? {@ONLINE}},
    year = {2014},
    howpublished     = "\url{http://www.newyorker.com/currency-tag/whats-the-problem-with-google-glass}",
}
@misc{Honan13,
  shorthand = {Honan13},
    author    = "Mat Honan",
    title = {{@ONLINE}},
    title = {I, GLASSHOLE: MY YEAR WITH GOOGLE GLASS {@ONLINE}},
    howpublished     = "\url{http://www.wired.com/2013/12/glasshole/}",
}
@misc{Havenga,
  shorthand = {Havenga},
    author    = "Barend Havenga",
    title = {HUD on a Boeing 737-800 {@ONLINE}},
    year = {2012},
    howpublished     = "\url{http://www.reddit.com/r/pics/comments/lplfb/hud_on_a_boeing_737800}",
}
@misc{Web3D,
  shorthand = {Web3D},
    author    = "Web3D Consortium",
    year = {2015},
    title = {What is X3D {@ONLINE}},
    howpublished     = "\url{http://www.web3d.org/x3d/what-x3d}",
}
@misc{Collada,
  shorthand = {Collada},
    author    = "Khronos Group",
    title = {3D Asset Exchange Schema {@ONLINE}},
    year = {2015},
    howpublished     = "\url{http://www.khronos.org/collada}",
}
@manual{Wavefront,
  shorthand = {Wavefront},
    author = "Wavefront Technologies",
    title = "Object file specification {@ONLINE}",
    year = {1991},
    howpublished     = "\url{http://www.martinreddy.net/gfx/3d/OBJ.spec}",
}
@misc{Cushwa,
  shorthand = {Cushwa},
    author    = "Tom Cushwa",
    title = {Owl statue {@ONLINE}},
    year = {2012},
    howpublished     = "\url{http://www.thingiverse.com/thing:18218}"
}
@inproceedings{Schonauer13,
  shorthand = {Schonauer13},
  author = {Schonauer, Christian and Vonach, Emanuel and Gerstweiler, Georg and Kaufmann, Hannes},
  title = {3D Building Reconstruction and Thermal Mapping in Fire Brigade Operations},
  booktitle = {Proceedings of the 4th Augmented Human International Conference {AH '13}},
  year = {2013},
  publisher = {ACM},
  address = {New York},
  numpages = {4},
  url = {http://publik.tuwien.ac.at/files/PubDat_217501.pdf},
  keywords = {Real-Time Dense Reconstruction, Thermal Camera, Augmented Reality, Fire Fighter Safety},
  note = {talk: 4th Augmented Human International Conference, Stuttgart; 2013-03-07 --  2013-03-08}
}
@article{Tola10,
  shorthand={Tola10},
  title={Daisy: An efficient dense descriptor applied to wide-baseline stereo},
  author={Tola, Engin and Lepetit, Vincent and Fua, Pascal},
  journal={Pattern Analysis and Machine Intelligence, IEEE Transactions on},
  volume={32},
  number={5},
  pages={815--830},
  year={2010},
  publisher={IEEE}
}
@incollection{Tuzel06,
  shorthand={Tuzel06},
  title={Region covariance: A fast descriptor for detection and classification},
  author={Tuzel, Oncel and Porikli, Fatih and Meer, Peter},
  booktitle={Computer Vision--ECCV 2006},
  pages={589--600},
  year={2006},
  publisher={Springer}
}
@article{Smith97,
  shorthand={Smith97},
  title={SUSAN—a new approach to low level image processing},
  author={Smith, Stephen M and Brady, J Michael},
  journal={International journal of computer vision},
  volume={23},
  number={1},
  pages={45--78},
  year={1997},
  publisher={Springer}
}
@book{Hartley03,
  shorthand={Hartley03},
  title={Multiple view geometry in computer vision},
  author={Hartley, Richard and Zisserman, Andrew},
  year={2003},
  publisher={Cambridge university press}
}
@misc{theswiss14,
  shorthand = {theswiss14},
    author    = "theswiss",
    title = {business card tree {@ONLINE}},
    year = {2014},
    howpublished     = "\url{http://www.thingiverse.com/thing:439474}"
}